<record><leader>00000cas a22000007a 4500</leader><controlfield tag="001">12619491</controlfield><controlfield tag="008">850930d18811942wiudn ne      0    0eng d</controlfield><datafield ind1=" " ind2=" " tag="010"><subfield code="a">sn 85041183 </subfield></datafield><datafield ind1=" " ind2=" " tag="040"><subfield code="a">NPV</subfield><subfield code="b">eng</subfield><subfield code="c">NPV</subfield><subfield code="d">OCLCQ</subfield></datafield><datafield ind1=" " ind2=" " tag="042"><subfield code="a">msc</subfield></datafield><datafield ind1=" " ind2=" " tag="045"><subfield code="a">w8x4</subfield></datafield><datafield ind1=" " ind2=" " tag="052"><subfield code="a">4123</subfield><subfield code="b">G8</subfield></datafield><datafield ind1="0" ind2="4" tag="245"><subfield code="a">The Berlin evening journal.</subfield></datafield><datafield ind1="1" ind2="3" tag="246"><subfield code="a">Berlin journal</subfield></datafield><datafield ind1="1" ind2="3" tag="246"><subfield code="a">Evening journal</subfield></datafield><datafield ind1=" " ind2=" " tag="260"><subfield code="a">Berlin, Wis. :</subfield><subfield code="b">C.G. Starks,</subfield><subfield code="c">1881-1942.</subfield></datafield><datafield ind1=" " ind2=" " tag="300"><subfield code="a">v. :</subfield><subfield code="b">ill.</subfield></datafield><datafield ind1=" " ind2=" " tag="310"><subfield code="a">Daily (except Sun.)</subfield></datafield><datafield ind1="0" ind2=" " tag="362"><subfield code="a">Vol. 1, no. 218 (Oct. 7, 1881)-v. 61, no. 74 (Mar. 28, 1942).</subfield></datafield><datafield ind1=" " ind2=" " tag="500"><subfield code="a">Publisher varies.</subfield></datafield><datafield ind1=" " ind2=" " tag="500"><subfield code="a">"Farm and home paper of the Upper Fox River Region."</subfield></datafield><datafield ind1=" " ind2=" " tag="500"><subfield code="a">Editors: C.G. Starks, Oct. 7, 1881-Dec. 24, 1902; R.S. Starks, March 28, 1917-June 4, 1928; A. Marshall, June 1, 1934-April 28, 1939.</subfield></datafield><datafield ind1=" " ind2=" " tag="530"><subfield code="a">Available on microfilm from The State Historical Society of Wisconsin.</subfield></datafield><datafield ind1=" " ind2=" " tag="752"><subfield code="a">United States</subfield><subfield code="b">Wisconsin</subfield><subfield code="c">Green Lake</subfield><subfield code="d">Berlin.</subfield></datafield><datafield ind1="0" ind2="0" tag="780"><subfield code="t">Evening journal</subfield><subfield code="w">(DLC)sn 85041182</subfield></datafield><datafield ind1="0" ind2="5" tag="780"><subfield code="t">Tri-county news</subfield><subfield code="w">(DLC)sn 85041095</subfield></datafield><datafield ind1="0" ind2="5" tag="780"><subfield code="t">Redgranite times</subfield></datafield><datafield ind1="0" ind2="0" tag="785"><subfield code="t">Berlin journal</subfield></datafield><datafield ind1="1" ind2=" " tag="029"><subfield code="a">AU@</subfield><subfield code="b">000025810615</subfield></datafield></record>